@book{ucebnice_planimetrie,
	author = {Vondra Jan and Gazárková Dana and Melicharová Stanislava and Vokřínek René and Květoňová Martina},
	title = {Matematika pro střední školy},
	date = {2013},
	publisher = {Didaktis},
	location = {Brno},
	isbn = {978-80-7358-211-1},
}

@book{matematika_pro_spoluzaka_planimetrie,
	author = {Liška Marek and Valenta Tomáš and Král Lukáš},
	title = {Matika pro spolužáky},
	date = {2017},
	publisher = {ProSpolužáky.cz},
	location = {Hradec Králové},
	isbn = {978-80-906702-0-4},
	subtitle = {Planimetrie}
}

@book{matematika_pro_spoluzaka_planimetrie_ps,
	author = {Liška Marek and Valenta Tomáš and Král Lukáš},
	title = {Matika pro spolužáky},
	date = {2017},
	publisher = {ProSpolužáky.cz},
	location = {Hradec Králové},
	isbn = {978-80-906702-0-4},
	subtitle = {Planimetrie},
	note = {pracovní sešit}
}

@book{matematika_pro_spoluzaka_stereometrie,
	author = {Liška Marek and Valenta Tomáš and Král Lukáš},
	title = {Matika pro spolužáky},
	date = {2017},
	publisher = {ProSpolužáky.cz},
	location = {Hradec Králové},
	isbn = {978-80-88255-10-9},
	note = {pracovní sešit},
	subtitle = {Stereometrie}
}

@book{matematika_pro_spoluzaka_stereometrie_ps,
	author = {Liška Marek and Valenta Tomáš and Král Lukáš},
	title = {Matika pro spolužáky},
	date = {2017},
	publisher = {ProSpolužáky.cz},
	location = {Hradec Králové},
	isbn = {978-80-88255-11-6},
	subtitle = {Stereometrie},
	note = {pracovní sešit}
}

@book{prometheus_1,
	author = {Calda Emil},
	title = {Matematika pro netechnické obory SOŠ a SOU },
	date = {2008},
	volume = {1},
	publisher = {Prometheus},
	location = {Praha 4},
	isbn = {978-80-7196-020-1},
}

@book{prometheus_2,
	author = {Calda Emil},
	title = {Matematika pro netechnické obory SOŠ a SOU },
	date = {2008},
	volume = {2},
	publisher = {Prometheus},
	location = {Praha 4},
	isbn = {978-80-7196-057-7},
}

@book{prometheus_3,
	author = {Calda Emil},
	title = {Matematika pro netechnické obory SOŠ a SOU },
	date = {2008},
	volume = {3},
	publisher = {Prometheus},
	location = {Praha 4},
	isbn = {978-80-7196-109-3},
}

@book{prehled_s_m,
	author = {Polák Josef},
	title = {Přehled středoškolské matematiky},
	date = {1972},
	edition = {1. vydání},
	publisher = {Státní pedagogické nakladatelství},
	location = {Praha},
}

@online{zakon_CERMAT,
	author = {Zákony pro lidi},
	title = {Zákon č. 561/2004 Sb.},
	date = {2004},
	url = {https://www.zakonyprolidi.cz/cs/2004-561#p80-2},
}

@online{CERMAT_co_to_je,
	author = {Centrum pro zjišťování výsledků vzdělávání},
	title = {Jednotná přijímací zkouška 2023},
	date = {2023},
	url = {https://prijimacky.cermat.cz/menu/jednotna-prijimaci-zkouska},
}

@online{CERMAT_rocni_zprava,
	author = {Jiří Zíka},
	title = {SOUHRNNÁ ZÁVĚREČNÁ ZPRÁVA},
	date = {2017},
	url = {https://data.cermat.cz/files/files/JPZ/JPZ2017-zaverecna_zprava.pdf},
}

@online{CERMAT_p_m,
	author = {Centrum pro zjišťování výsledků vzdělávání},
	title = {CERMAT},
	date = {2023},
	url = {https://maturita.cermat.cz/, https://zkouska.cermat.cz/,https://prijimacky.cermat.cz/},
}

@online{CERMAT_pdfka,
	author = {Centrum pro zjišťování výsledků vzdělávání},
	title = {Testová zadání v PDF},
	date = {2023},
	url = {https://prijimacky.cermat.cz/menu/testova-zadani-k-procvicovani/testova-zadani-v-pdf},
}
